@inproceedings{nematus,
  title={Correction of OCR word segmentation errors in articles from the ACL collection through neural machine translation methods},
  author={Nastase, Vivi and Hitschler, Julian},
  booktitle={Proceedings of the Eleventh International Conference on Language Resources and Evaluation (LREC 2018)},
  year={2018}
}
